<record><leader>00000cas a22000007a 4500</leader><controlfield tag="001">12745771</controlfield><controlfield tag="008">851101c19529999iauwr ne      0    0eng d</controlfield><datafield ind1=" " ind2=" " tag="010"><subfield code="a">sn 85049824 </subfield></datafield><datafield ind1=" " ind2=" " tag="040"><subfield code="a">INP</subfield><subfield code="b">eng</subfield><subfield code="c">INP</subfield><subfield code="d">OCLCQ</subfield></datafield><datafield ind1=" " ind2=" " tag="042"><subfield code="a">msc</subfield></datafield><datafield ind1="0" ind2=" " tag="130"><subfield code="a">Guthrie Center times (Guthrie Center, Iowa : 1952)</subfield></datafield><datafield ind1="1" ind2="0" tag="245"><subfield code="a">Guthrie Center times.</subfield></datafield><datafield ind1=" " ind2=" " tag="260"><subfield code="a">Guthrie Center, Iowa :</subfield><subfield code="b">[William B. Sweetland],</subfield><subfield code="c">1952-</subfield></datafield><datafield ind1=" " ind2=" " tag="300"><subfield code="a">v. :</subfield><subfield code="b">ill.</subfield></datafield><datafield ind1=" " ind2=" " tag="310"><subfield code="a">Weekly</subfield></datafield><datafield ind1="0" ind2=" " tag="362"><subfield code="a">Vol. 71, no. 22 (Sept. 11, 1952)-</subfield></datafield><datafield ind1=" " ind2=" " tag="500"><subfield code="a">Publisher varies.</subfield></datafield><datafield ind1=" " ind2=" " tag="500"><subfield code="a">Original editor: William B. Sweetland.</subfield></datafield><datafield ind1=" " ind2=" " tag="752"><subfield code="a">United States</subfield><subfield code="b">Iowa</subfield><subfield code="c">Guthrie</subfield><subfield code="d">Guthrie Center.</subfield></datafield><datafield ind1="0" ind2="0" tag="780"><subfield code="t">Guthrie County times (Guthrie Center, Iowa : 1950)</subfield><subfield code="w">(DLC)sn 85049823</subfield></datafield><datafield ind1="0" ind2="5" tag="780"><subfield code="t">Guthrian</subfield><subfield code="w">(DLC)sn 85049818</subfield></datafield><datafield ind1="1" ind2=" " tag="029"><subfield code="a">AU@</subfield><subfield code="b">000025785414</subfield></datafield></record>